@article{Alday:2007he,
      author         = "Alday, Luis F. and Maldacena, Juan",
      title          = "{Comments on gluon scattering amplitudes via AdS/CFT}",
      journal        = "JHEP",
      volume         = "0711",
      pages          = "068",
      doi            = "10.1088/1126-6708/2007/11/068",
      year           = "2007",
      eprint         = "0710.1060",
      archivePrefix  = "arXiv",
      primaryClass   = "hep-th",
      reportNumber   = "SPIN-07-41, ITP-UU-07-55",
      SLACcitation   = "%%CITATION = ARXIV:0710.1060;%%",
}

@article{Alday:2007hr,
      author         = "Alday, Luis F. and Maldacena, Juan Martin",
      title          = "{Gluon scattering amplitudes at strong coupling}",
      journal        = "JHEP",
      volume         = "0706",
      pages          = "064",
      doi            = "10.1088/1126-6708/2007/06/064",
      year           = "2007",
      eprint         = "0705.0303",
      archivePrefix  = "arXiv",
      primaryClass   = "hep-th",
      reportNumber   = "SPIN-07-16, ITP-UU-07-24",
      SLACcitation   = "%%CITATION = ARXIV:0705.0303;%%",
}

@article{Alday:2009dv,
      author         = "Alday, Luis F. and Gaiotto, Davide and Maldacena, Juan",
      title          = "{Thermodynamic Bubble Ansatz}",
      journal        = "JHEP",
      volume         = "1109",
      pages          = "032",
      doi            = "10.1007/JHEP09(2011)032",
      year           = "2011",
      eprint         = "0911.4708",
      archivePrefix  = "arXiv",
      primaryClass   = "hep-th",
      SLACcitation   = "%%CITATION = ARXIV:0911.4708;%%",
}

@article{Alday:2010ku,
      author         = "Alday, Luis F. and Gaiotto, Davide and Maldacena, Juan
                        and Sever, Amit and Vieira, Pedro",
      title          = "{An Operator Product Expansion for Polygonal null Wilson
                        Loops}",
      journal        = "JHEP",
      volume         = "1104",
      pages          = "088",
      doi            = "10.1007/JHEP04(2011)088",
      year           = "2011",
      eprint         = "1006.2788",
      archivePrefix  = "arXiv",
      primaryClass   = "hep-th",
      SLACcitation   = "%%CITATION = ARXIV:1006.2788;%%",
}

@article{Alday:2010vh,
      author         = "Alday, Luis F. and Maldacena, Juan and Sever, Amit and
                        Vieira, Pedro",
      title          = "{Y-system for Scattering Amplitudes}",
      journal        = "J.Phys.",
      volume         = "A43",
      pages          = "485401",
      doi            = "10.1088/1751-8113/43/48/485401",
      year           = "2010",
      eprint         = "1002.2459",
      archivePrefix  = "arXiv",
      primaryClass   = "hep-th",
      SLACcitation   = "%%CITATION = ARXIV:1002.2459;%%",
}

@article{Anastasiou:2009kna,
      author         = "Anastasiou, Charalampos and Brandhuber, Andreas and
                        Heslop, Paul and Khoze, Valentin V. and Spence, Bill and
                        Travaglini, Gabriele",
      title          = "{Two-Loop Polygon Wilson Loops in N=4 SYM}",
      journal        = "JHEP",
      volume         = "0905",
      pages          = "115",
      doi            = "10.1088/1126-6708/2009/05/115",
      year           = "2009",
      eprint         = "0902.2245",
      archivePrefix  = "arXiv",
      primaryClass   = "hep-th",
      reportNumber   = "IPPP-09-03, DCPT-09-06, QMUL-PH-09-01",
      SLACcitation   = "%%CITATION = ARXIV:0902.2245;%%",
}

@article{Anastasiou:2013srw,
      author         = "Anastasiou, Charalampos and Duhr, Claude and Dulat, Falko
                        and Mistlberger, Bernhard",
      title          = "{Soft triple-real radiation for Higgs production at
                        N3LO}",
      year           = "2013",
      eprint         = "1302.4379",
      archivePrefix  = "arXiv",
      primaryClass   = "hep-ph",
      reportNumber   = "IPPP-13-08, DCPT-13-16",
      SLACcitation   = "%%CITATION = ARXIV:1302.4379;%%",
}

@article{ArkaniHamed:2009dn,
      author         = "Arkani-Hamed, Nima and Cachazo, Freddy and Cheung,
                        Clifford and Kaplan, Jared",
      title          = "{A Duality For The S Matrix}",
      journal        = "JHEP",
      volume         = "1003",
      pages          = "020",
      doi            = "10.1007/JHEP03(2010)020",
      year           = "2010",
      eprint         = "0907.5418",
      archivePrefix  = "arXiv",
      primaryClass   = "hep-th",
      SLACcitation   = "%%CITATION = ARXIV:0907.5418;%%",
}

@article{ArkaniHamed:2009vw,
      author         = "Arkani-Hamed, Nima and Cachazo, Freddy and Cheung,
                        Clifford",
      title          = "{The Grassmannian Origin Of Dual Superconformal
                        Invariance}",
      journal        = "JHEP",
      volume         = "1003",
      pages          = "036",
      doi            = "10.1007/JHEP03(2010)036",
      year           = "2010",
      eprint         = "0909.0483",
      archivePrefix  = "arXiv",
      primaryClass   = "hep-th",
      SLACcitation   = "%%CITATION = ARXIV:0909.0483;%%",
}

@article{ArkaniHamed:2009sx,
      author         = "Arkani-Hamed, Nima and Bourjaily, Jacob and Cachazo,
                        Freddy and Trnka, Jaroslav",
      title          = "{Local Spacetime Physics from the Grassmannian}",
      journal        = "JHEP",
      volume         = "1101",
      pages          = "108",
      doi            = "10.1007/JHEP01(2011)108",
      year           = "2011",
      eprint         = "0912.3249",
      archivePrefix  = "arXiv",
      primaryClass   = "hep-th",
      reportNumber   = "PUPT-2326",
      SLACcitation   = "%%CITATION = ARXIV:0912.3249;%%",
}

@article{ArkaniHamed:2009dg,
      author         = "Arkani-Hamed, Nima and Bourjaily, Jacob and Cachazo,
                        Freddy and Trnka, Jaroslav",
      title          = "{Unification of Residues and Grassmannian Dualities}",
      journal        = "JHEP",
      volume         = "1101",
      pages          = "049",
      doi            = "10.1007/JHEP01(2011)049",
      year           = "2011",
      eprint         = "0912.4912",
      archivePrefix  = "arXiv",
      primaryClass   = "hep-th",
      SLACcitation   = "%%CITATION = ARXIV:0912.4912;%%",
}

@article{ArkaniHamed:2010kv,
      author         = "Arkani-Hamed, Nima and Bourjaily, Jacob L. and Cachazo,
                        Freddy and Caron-Huot, Simon and Trnka, Jaroslav",
      title          = "{The All-Loop Integrand For Scattering Amplitudes in
                        Planar N=4 SYM}",
      journal        = "JHEP",
      volume         = "1101",
      pages          = "041",
      doi            = "10.1007/JHEP01(2011)041",
      year           = "2011",
      eprint         = "1008.2958",
      archivePrefix  = "arXiv",
      primaryClass   = "hep-th",
      SLACcitation   = "%%CITATION = ARXIV:1008.2958;%%",
}

@article{ArkaniHamed:2012nw,
      author         = "Arkani-Hamed, Nima and Bourjaily, Jacob L. and Cachazo,
                        Freddy and Goncharov, Alexander B. and Postnikov,
                        Alexander and Trnka, Jaroslav",
      title          = "{Scattering Amplitudes and the Positive Grassmannian}",
      year           = "2012",
      eprint         = "1212.5605",
      archivePrefix  = "arXiv",
      primaryClass   = "hep-th",
      SLACcitation   = "%%CITATION = ARXIV:1212.5605;%%",
}

@article{Bartels:2011ge,
      author         = "Bartels, J. and Kormilitzin, A. and Lipatov, L.N. and
                        Prygarin, A.",
      title          = "{BFKL approach and $2 \to 5$ maximally helicity violating
                        amplitude in ${\cal N}=4$ super-Yang-Mills theory}",
      journal        = "Phys.Rev.",
      volume         = "D86",
      pages          = "065026",
      doi            = "10.1103/PhysRevD.86.065026",
      year           = "2012",
      eprint         = "1112.6366",
      archivePrefix  = "arXiv",
      primaryClass   = "hep-th",
      SLACcitation   = "%%CITATION = ARXIV:1112.6366;%%",
}

@article{Bartels:2011xy,
      author         = "Bartels, J. and Lipatov, L.N. and Prygarin, A.",
      title          = "{Collinear and Regge behavior of 2 $\to$ 4 MHV amplitude
                        in N = 4 super Yang-Mills theory}",
      year           = "2011",
      eprint         = "1104.4709",
      archivePrefix  = "arXiv",
      primaryClass   = "hep-th",
      reportNumber   = "DESY-11-052",
      SLACcitation   = "%%CITATION = ARXIV:1104.4709;%%",
}

@article{Basso:2013vsa,
      author         = "Basso, Benjamin and Sever, Amit and Vieira, Pedro",
      title          = "{Space-time S-matrix and Flux-tube S-matrix at Finite
                        Coupling}",
      year           = "2013",
      eprint         = "1303.1396",
      archivePrefix  = "arXiv",
      primaryClass   = "hep-th",
      SLACcitation   = "%%CITATION = ARXIV:1303.1396;%%",
}

@article{Beisert:2010jr,
      author         = "Beisert, Niklas and Ahn, Changrim and Alday, Luis F. and
                        Bajnok, Zoltan and Drummond, James M. and others",
      title          = "{Review of AdS/CFT Integrability: An Overview}",
      journal        = "Lett.Math.Phys.",
      volume         = "99",
      pages          = "3-32",
      doi            = "10.1007/s11005-011-0529-2",
      year           = "2012",
      eprint         = "1012.3982",
      archivePrefix  = "arXiv",
      primaryClass   = "hep-th",
      reportNumber   = "AEI-2010-175, CERN-PH-TH-2010-306, HU-EP-10-87,
                        HU-MATH-2010-22, KCL-MTH-10-10, UMTG-270, UUITP-41-10",
      SLACcitation   = "%%CITATION = ARXIV:1012.3982;%%",
}

@article{Beisert:2012gb,
      author         = "Beisert, Niklas and Vergu, Cristian",
      title          = "{On the Geometry of Null Polygons in Full N=4
                        Superspace}",
      journal        = "Phys.Rev.",
      volume         = "D86",
      pages          = "026006",
      doi            = "10.1103/PhysRevD.86.026006",
      year           = "2012",
      eprint         = "1203.0525",
      archivePrefix  = "arXiv",
      primaryClass   = "hep-th",
      reportNumber   = "AEI-2012-006, NSF-KITP-12-010",
      SLACcitation   = "%%CITATION = ARXIV:1203.0525;%%",
}

@article{Beisert:2012xx,
      author         = "Beisert, Niklas and He, Song and Schwab, Burkhard U.W.
                        and Vergu, Cristian",
      title          = "{Null Polygonal Wilson Loops in Full N=4 Superspace}",
      journal        = "J.Phys.",
      volume         = "A45",
      pages          = "265402",
      doi            = "10.1088/1751-8113/45/26/265402",
      year           = "2012",
      eprint         = "1203.1443",
      archivePrefix  = "arXiv",
      primaryClass   = "hep-th",
      reportNumber   = "AEI-2012-007, NSF-KITP-12-011",
      SLACcitation   = "%%CITATION = ARXIV:1203.1443;%%",
}

@article{Bern:2006ew,
      author         = "Bern, Zvi and Czakon, Michael and Dixon, Lance J. and
                        Kosower, David A. and Smirnov, Vladimir A.",
      title          = "{The Four-Loop Planar Amplitude and Cusp Anomalous
                        Dimension in Maximally Supersymmetric Yang-Mills Theory}",
      journal        = "Phys.Rev.",
      volume         = "D75",
      pages          = "085010",
      doi            = "10.1103/PhysRevD.75.085010",
      year           = "2007",
      eprint         = "hep-th/0610248",
      archivePrefix  = "arXiv",
      primaryClass   = "hep-th",
      reportNumber   = "SLAC-PUB-12172, UCLA-06-TEP-28, SACLAY-SPHT-T06-135",
      SLACcitation   = "%%CITATION = HEP-TH/0610248;%%",
}

@article{Bern:2007dw,
      author         = "Bern, Zvi and Dixon, Lance J. and Kosower, David A.",
      title          = "{On-Shell Methods in Perturbative QCD}",
      journal        = "Annals Phys.",
      volume         = "322",
      pages          = "1587-1634",
      doi            = "10.1016/j.aop.2007.04.014",
      year           = "2007",
      eprint         = "0704.2798",
      archivePrefix  = "arXiv",
      primaryClass   = "hep-ph",
      reportNumber   = "UCLA-07-TEP-11, SLAC-PUB-12447, SPHT-T07-039",
      SLACcitation   = "%%CITATION = ARXIV:0704.2798;%%",
}

@article{Bern:2008ap,
      author         = "Bern, Z. and Dixon, L.J. and Kosower, D.A. and Roiban, R.
                        and Spradlin, M. and Vergu, C. and Volovich, A.",
      title          = "{The Two-Loop Six-Gluon MHV Amplitude in Maximally
                        Supersymmetric Yang-Mills Theory}",
      journal        = "Phys.Rev.",
      volume         = "D78",
      pages          = "045007",
      doi            = "10.1103/PhysRevD.78.045007",
      year           = "2008",
      eprint         = "0803.1465",
      archivePrefix  = "arXiv",
      primaryClass   = "hep-th",
      reportNumber   = "SLAC-PUB-13150, SACLAY-IPHT-T08-045, UCLA-08-TEP-5,
                        BROWN-HET-1495",
      SLACcitation   = "%%CITATION = ARXIV:0803.1465;%%",
}

@article{Bogner:2012dn,
      author         = "Bogner, Christian and Brown, Francis",
      title          = "{Symbolic integration and multiple polylogarithms}",
      journal        = "PoS",
      volume         = "LL2012",
      pages          = "053",
      year           = "2012",
      eprint         = "1209.6524",
      archivePrefix  = "arXiv",
      primaryClass   = "hep-ph",
      SLACcitation   = "%%CITATION = ARXIV:1209.6524;%%",
}

@article{Brandhuber:2012vm,
      author         = "Brandhuber, Andreas and Travaglini, Gabriele and Yang,
                        Gang",
      title          = "{Analytic two-loop form factors in N=4 SYM}",
      journal        = "JHEP",
      volume         = "1205",
      pages          = "082",
      doi            = "10.1007/JHEP05(2012)082",
      year           = "2012",
      eprint         = "1201.4170",
      archivePrefix  = "arXiv",
      primaryClass   = "hep-th",
      SLACcitation   = "%%CITATION = ARXIV:1201.4170;%%",
}

@article{Brink:1976bc,
      author         = "Brink, Lars and Schwarz, John H. and Scherk, Joel",
      title          = "{Supersymmetric Yang-Mills Theories}",
      journal        = "Nucl.Phys.",
      volume         = "B121",
      pages          = "77",
      doi            = "10.1016/0550-3213(77)90328-5",
      year           = "1977",
      reportNumber   = "CALT-68-574",
      SLACcitation   = "%%CITATION = NUPHA,B121,77;%%",
}

@article{Broedel:2013aza,
      author         = "Broedel, Johannes and Schlotterer, Oliver and Stieberger,
                        Stephan and Terasoma, Tomohide",
      title          = "{All order alpha'-expansion of superstring trees from the
                        Drinfeld associator}",
      year           = "2013",
      eprint         = "1304.7304",
      archivePrefix  = "arXiv",
      primaryClass   = "hep-th",
      reportNumber   = "DAMTP-2013-23, AEI-2013-195, MPP-2013-120",
      SLACcitation   = "%%CITATION = ARXIV:1304.7304;%%",
}
@article{Broedel:2013tta,
      author         = "Broedel, Johannes and Schlotterer, Oliver and Stieberger,
                        Stephan",
      title          = "{Polylogarithms, Multiple Zeta Values and Superstring
                        Amplitudes}",
      year           = "2013",
      eprint         = "1304.7267",
      archivePrefix  = "arXiv",
      primaryClass   = "hep-th",
      reportNumber   = "DAMTP-2013-22, AEI-2013-194, MPP-2013-119",
      SLACcitation   = "%%CITATION = ARXIV:1304.7267;%%",
}

@article{Bullimore:2011kg,
      author         = "Bullimore, Mathew and Skinner, David",
      title          = "{Descent Equations for Superamplitudes}",
      year           = "2011",
      eprint         = "1112.1056",
      archivePrefix  = "arXiv",
      primaryClass   = "hep-th",
      SLACcitation   = "%%CITATION = ARXIV:1112.1056;%%",
}

@article{Cachazo:2005ga,
      author         = "Cachazo, Freddy and Svrcek, Peter",
      title          = "{Lectures on twistor strings and perturbative Yang-Mills
                        theory}",
      journal        = "PoS",
      volume         = "RTN2005",
      pages          = "004",
      year           = "2005",
      eprint         = "hep-th/0504194",
      archivePrefix  = "arXiv",
      primaryClass   = "hep-th",
      SLACcitation   = "%%CITATION = HEP-TH/0504194;%%",
}

@article{CaronHuot:2011kk,
      author         = "Caron-Huot, Simon and He, Song",
      title          = "{Jumpstarting the All-Loop S-Matrix of Planar N=4 Super
                        Yang-Mills}",
      journal        = "JHEP",
      volume         = "1207",
      pages          = "174",
      doi            = "10.1007/JHEP07(2012)174",
      year           = "2012",
      eprint         = "1112.1060",
      archivePrefix  = "arXiv",
      primaryClass   = "hep-th",
      SLACcitation   = "%%CITATION = ARXIV:1112.1060;%%",
}

@article{CaronHuot:2011ky,
      author         = "Caron-Huot, S.",
      title          = "{Superconformal symmetry and two-loop amplitudes in
                        planar N=4 super Yang-Mills}",
      journal        = "JHEP",
      volume         = "1112",
      pages          = "066",
      doi            = "10.1007/JHEP12(2011)066",
      year           = "2011",
      eprint         = "1105.5606",
      archivePrefix  = "arXiv",
      primaryClass   = "hep-th",
      SLACcitation   = "%%CITATION = ARXIV:1105.5606;%%",
}

@article{DelDuca:2009au,
      author         = "Del Duca, Vittorio and Duhr, Claude and Smirnov, Vladimir
                        A.",
      title          = "{An Analytic Result for the Two-Loop Hexagon Wilson Loop
                        in N = 4 SYM}",
      journal        = "JHEP",
      volume         = "1003",
      pages          = "099",
      doi            = "10.1007/JHEP03(2010)099",
      year           = "2010",
      eprint         = "0911.5332",
      archivePrefix  = "arXiv",
      primaryClass   = "hep-ph",
      reportNumber   = "IPPP-09-92, DCPT-09-184",
      SLACcitation   = "%%CITATION = ARXIV:0911.5332;%%",
}

@article{DelDuca:2010zg,
      author         = "Del Duca, Vittorio and Duhr, Claude and Smirnov, Vladimir
                        A.",
      title          = "{The Two-Loop Hexagon Wilson Loop in N = 4 SYM}",
      journal        = "JHEP",
      volume         = "1005",
      pages          = "084",
      doi            = "10.1007/JHEP05(2010)084",
      year           = "2010",
      eprint         = "1003.1702",
      archivePrefix  = "arXiv",
      primaryClass   = "hep-th",
      reportNumber   = "IPPP-10-21, DCPT-10-42, CERN-PH-TH-2010-059",
      SLACcitation   = "%%CITATION = ARXIV:1003.1702;%%",
}

@article{DelDuca:2010zp,
      author         = "Del Duca, Vittorio and Duhr, Claude and Smirnov, Vladimir
                        A.",
      title          = "{A Two-Loop Octagon Wilson Loop in N = 4 SYM}",
      journal        = "JHEP",
      volume         = "1009",
      pages          = "015",
      doi            = "10.1007/JHEP09(2010)015",
      year           = "2010",
      eprint         = "1006.4127",
      archivePrefix  = "arXiv",
      primaryClass   = "hep-th",
      reportNumber   = "IPPP-10-47, DCPT-10-94, CERN-PH-TH-2010-141",
      SLACcitation   = "%%CITATION = ARXIV:1006.4127;%%",
}

@article{DelDuca:2011wh,
      author         = "Del Duca, Vittorio and Dixon, Lance J. and Drummond,
                        James M. and Duhr, Claude and Henn, Johannes M. and
                        others",
      title          = "{The one-loop six-dimensional hexagon integral with three
                        massive corners}",
      journal        = "Phys.Rev.",
      volume         = "D84",
      pages          = "045017",
      doi            = "10.1103/PhysRevD.84.045017",
      year           = "2011",
      eprint         = "1105.2011",
      archivePrefix  = "arXiv",
      primaryClass   = "hep-th",
      reportNumber   = "HU-EP-11-22, CERN-PH-TH-2011-105, SLAC-PUB-14458,
                        LAPTH-016-11, IPPP-11-21, DCPT-11-42, NSF-KITP-11-072",
      SLACcitation   = "%%CITATION = ARXIV:1105.2011;%%",
}

@article{Dixon:1996wi,
      author         = "Dixon, Lance J.",
      title          = "{Calculating scattering amplitudes efficiently}",
      year           = "1996",
      eprint         = "hep-ph/9601359",
      archivePrefix  = "arXiv",
      primaryClass   = "hep-ph",
      reportNumber   = "SLAC-PUB-7106, C95-06-04.1",
      SLACcitation   = "%%CITATION = HEP-PH/9601359;%%",
}

@article{Dixon:2011nj,
      author         = "Dixon, Lance J. and Drummond, James M. and Henn, Johannes
                        M.",
      title          = "{Analytic result for the two-loop six-point NMHV
                        amplitude in N=4 super Yang-Mills theory}",
      journal        = "JHEP",
      volume         = "1201",
      pages          = "024",
      doi            = "10.1007/JHEP01(2012)024",
      year           = "2012",
      eprint         = "1111.1704",
      archivePrefix  = "arXiv",
      primaryClass   = "hep-th",
      reportNumber   = "CERN-PH-TH-2011-251, SLAC-PUB-14632, LAPTH-042-11,
                        HU-EP-11-44",
      SLACcitation   = "%%CITATION = ARXIV:1111.1704;%%",
}

@article{Dixon:2011pw,
      author         = "Dixon, Lance J. and Drummond, James M. and Henn, Johannes
                        M.",
      title          = "{Bootstrapping the three-loop hexagon}",
      journal        = "JHEP",
      volume         = "1111",
      pages          = "023",
      doi            = "10.1007/JHEP11(2011)023",
      year           = "2011",
      eprint         = "1108.4461",
      archivePrefix  = "arXiv",
      primaryClass   = "hep-th",
      reportNumber   = "SLAC-PUB-14528, CERN-PH-TH-2011-189, LAPTH-029-11,
                        HU-EP-11-38, NSF-KITP-11-176",
      SLACcitation   = "%%CITATION = ARXIV:1108.4461;%%",
}

@article{Dixon:2012yy,
      author         = "Dixon, Lance J. and Duhr, Claude and Pennington, Jeffrey",
      title          = "{Single-valued harmonic polylogarithms and the
                        multi-Regge limit}",
      journal        = "JHEP",
      volume         = "1210",
      pages          = "074",
      doi            = "10.1007/JHEP10(2012)074",
      year           = "2012",
      eprint         = "1207.0186",
      archivePrefix  = "arXiv",
      primaryClass   = "hep-th",
      reportNumber   = "SLAC-PUB-15132",
      SLACcitation   = "%%CITATION = ARXIV:1207.0186;%%",
}

@article{Drummond:2006rz,
      author         = "Drummond, J.M. and Henn, J. and Smirnov, V.A. and
                        Sokatchev, E.",
      title          = "{Magic identities for conformal four-point integrals}",
      journal        = "JHEP",
      volume         = "0701",
      pages          = "064",
      doi            = "10.1088/1126-6708/2007/01/064",
      year           = "2007",
      eprint         = "hep-th/0607160",
      archivePrefix  = "arXiv",
      primaryClass   = "hep-th",
      reportNumber   = "LAPTH-1159-06",
      SLACcitation   = "%%CITATION = HEP-TH/0607160;%%",
}

@article{Drummond:2007au,
      author         = "Drummond, J.M. and Henn, J. and Korchemsky, G.P. and
                        Sokatchev, E.",
      title          = "{Conformal Ward identities for Wilson loops and a test of
                        the duality with gluon amplitudes}",
      journal        = "Nucl.Phys.",
      volume         = "B826",
      pages          = "337-364",
      doi            = "10.1016/j.nuclphysb.2009.10.013",
      year           = "2010",
      eprint         = "0712.1223",
      archivePrefix  = "arXiv",
      primaryClass   = "hep-th",
      reportNumber   = "LAPTH-1224-07, LPT-ORSAY-07-133",
      SLACcitation   = "%%CITATION = ARXIV:0712.1223;%%",
}

@article{Drummond:2007aua,
      author         = "Korchemsky, G.P. and Drummond, J.M. and Sokatchev, E.",
      title          = "{Conformal properties of four-gluon planar amplitudes and
                        Wilson loops}",
      journal        = "Nucl.Phys.",
      volume         = "B795",
      pages          = "385-408",
      doi            = "10.1016/j.nuclphysb.2007.11.041",
      year           = "2008",
      eprint         = "0707.0243",
      archivePrefix  = "arXiv",
      primaryClass   = "hep-th",
      SLACcitation   = "%%CITATION = ARXIV:0707.0243;%%",
}

@article{Drummond:2007cf,
      author         = "Drummond, J.M. and Henn, J. and Korchemsky, G.P. and
                        Sokatchev, E.",
      title          = "{On planar gluon amplitudes/Wilson loops duality}",
      journal        = "Nucl.Phys.",
      volume         = "B795",
      pages          = "52-68",
      doi            = "10.1016/j.nuclphysb.2007.11.007",
      year           = "2008",
      eprint         = "0709.2368",
      archivePrefix  = "arXiv",
      primaryClass   = "hep-th",
      reportNumber   = "LAPTH-1206-07, LPT-ORSAY-07-82",
      SLACcitation   = "%%CITATION = ARXIV:0709.2368;%%",
}

@article{Drummond:2008aq,
      author         = "Drummond, J.M. and Henn, J. and Korchemsky, G.P. and
                        Sokatchev, E.",
      title          = "{Hexagon Wilson loop = six-gluon MHV amplitude}",
      journal        = "Nucl.Phys.",
      volume         = "B815",
      pages          = "142-173",
      doi            = "10.1016/j.nuclphysb.2009.02.015",
      year           = "2009",
      eprint         = "0803.1466",
      archivePrefix  = "arXiv",
      primaryClass   = "hep-th",
      reportNumber   = "LAPTH-1240-08, LPT-ORSAY-08-29",
      SLACcitation   = "%%CITATION = ARXIV:0803.1466;%%",
}

@article{Drummond:2008vq,
      author         = "Drummond, J.M. and Henn, J. and Korchemsky, G.P. and
                        Sokatchev, E.",
      title          = "{Dual superconformal symmetry of scattering amplitudes in
                        N=4 super-Yang-Mills theory}",
      journal        = "Nucl.Phys.",
      volume         = "B828",
      pages          = "317-374",
      doi            = "10.1016/j.nuclphysb.2009.11.022",
      year           = "2010",
      eprint         = "0807.1095",
      archivePrefix  = "arXiv",
      primaryClass   = "hep-th",
      reportNumber   = "LAPTH-1257-08, LPT-ORSAY-08-60",
      SLACcitation   = "%%CITATION = ARXIV:0807.1095;%%",
}

@article{Drummond:2009fd,
      author         = "Drummond, James M. and Henn, Johannes M. and Plefka, Jan",
      title          = "{Yangian symmetry of scattering amplitudes in N=4 super
                        Yang-Mills theory}",
      journal        = "JHEP",
      volume         = "0905",
      pages          = "046",
      doi            = "10.1088/1126-6708/2009/05/046",
      year           = "2009",
      eprint         = "0902.2987",
      archivePrefix  = "arXiv",
      primaryClass   = "hep-th",
      reportNumber   = "HU-EP-09-06, LAPTH-1308-09",
      SLACcitation   = "%%CITATION = ARXIV:0902.2987;%%",
}

@article{Drummond:2013nda,
      author         = "Drummond, James and Duhr, Claude and Eden, Burkhard and
                        Heslop, Paul and Pennington, Jeffrey and others",
      title          = "{Leading singularities and off-shell conformal
                        integrals}",
      year           = "2013",
      eprint         = "1303.6909",
      archivePrefix  = "arXiv",
      primaryClass   = "hep-th",
      reportNumber   = "HU-MATHEMATIK:2013-06, HU-EP-13-15, IPPP-13-09,
                        DCPT-13-18, --SLAC-PUB-15409, LAPTH-016-13,
                        CERN-PH-TH-2013-058",
      SLACcitation   = "%%CITATION = ARXIV:1303.6909;%%",
}

@article{Drummond:2013vz,
      author         = "Drummond, J.M. and Ragoucy, E.",
      title          = "{Superstring amplitudes and the associator}",
      year           = "2013",
      eprint         = "1301.0794",
      archivePrefix  = "arXiv",
      primaryClass   = "hep-th",
      reportNumber   = "CERN-PH-TH-2012-363, LAPTH-062-12",
      SLACcitation   = "%%CITATION = ARXIV:1301.0794;%%",
}

@article{Duhr:2011zq,
      author         = "Duhr, Claude and Gangl, Herbert and Rhodes, John R.",
      title          = "{From polygons and symbols to polylogarithmic functions}",
      journal        = "JHEP",
      volume         = "1210",
      pages          = "075",
      doi            = "10.1007/JHEP10(2012)075",
      year           = "2012",
      eprint         = "1110.0458",
      archivePrefix  = "arXiv",
      primaryClass   = "math-ph",
      reportNumber   = "IPPP-11-56, DCPT-11-112",
      SLACcitation   = "%%CITATION = ARXIV:1110.0458;%%",
}

@article{Duhr:2012fh,
      author         = "Duhr, Claude",
      title          = "{Hopf algebras, coproducts and symbols: an application to
                        Higgs boson amplitudes}",
      journal        = "JHEP",
      volume         = "1208",
      pages          = "043",
      doi            = "10.1007/JHEP08(2012)043",
      year           = "2012",
      eprint         = "1203.0454",
      archivePrefix  = "arXiv",
      primaryClass   = "hep-ph",
      SLACcitation   = "%%CITATION = ARXIV:1203.0454;%%",
}

@article{Feng:2011np,
      author         = "Feng, Bo and Luo, Mingxing",
      title          = "{An Introduction to On-shell Recursion Relations}",
      year           = "2011",
      eprint         = "1111.5759",
      archivePrefix  = "arXiv",
      primaryClass   = "hep-th",
      SLACcitation   = "%%CITATION = ARXIV:1111.5759;%%",
}

@article{Ferro:2012wa,
      author         = "Ferro, L.",
      title          = "{Differential equations for multi-loop integrals and
                        two-dimensional kinematics}",
      year           = "2012",
      eprint         = "1204.1031",
      archivePrefix  = "arXiv",
      primaryClass   = "hep-th",
      reportNumber   = "HU-EP-12-12",
      SLACcitation   = "%%CITATION = ARXIV:1204.1031;%%",
}

@article{Ferro:2012xw,
      author         = "Ferro, Livia and Lukowski, Tomasz and Meneghelli, Carlo
                        and Plefka, Jan and Staudacher, Matthias",
      title          = "{Harmonic R-matrices for Scattering Amplitudes and
                        Spectral Regularization}",
      doi            = "10.1103/PhysRevLett.110.121602",
      year           = "2012",
      eprint         = "1212.0850",
      archivePrefix  = "arXiv",
      primaryClass   = "hep-th",
      reportNumber   = "HU-EP-12-50, HU-MATHEMATIK:14-2012, DESY-12-228,
                        ZMP-HH-12-26, AEI-2012-198,  --AEI-2012-198",
      SLACcitation   = "%%CITATION = ARXIV:1212.0850;%%",
}

@article{Gehrmann:2013vga,
      author         = "Gehrmann, Thomas and Tancredi, Lorenzo and Weihs, Erich",
      title          = "{Two-loop QCD helicity amplitudes for $g\,g \to Z\,g$ and
                        $g\,g \to Z\,\gamma $}",
      year           = "2013",
      eprint         = "1302.2630",
      archivePrefix  = "arXiv",
      primaryClass   = "hep-ph",
      reportNumber   = "ZU-TH-04-13, LPN13-012",
      SLACcitation   = "%%CITATION = ARXIV:1302.2630;%%",
}

@article{Gaiotto:2010fk,
      author         = "Gaiotto, Davide and Maldacena, Juan and Sever, Amit and
                        Vieira, Pedro",
      title          = "{Bootstrapping Null Polygon Wilson Loops}",
      journal        = "JHEP",
      volume         = "1103",
      pages          = "092",
      doi            = "10.1007/JHEP03(2011)092",
      year           = "2011",
      eprint         = "1010.5009",
      archivePrefix  = "arXiv",
      primaryClass   = "hep-th",
      SLACcitation   = "%%CITATION = ARXIV:1010.5009;%%",
}

@article{Gaiotto:2011dt,
      author         = "Gaiotto, Davide and Maldacena, Juan and Sever, Amit and
                        Vieira, Pedro",
      title          = "{Pulling the straps of polygons}",
      journal        = "JHEP",
      volume         = "1112",
      pages          = "011",
      doi            = "10.1007/JHEP12(2011)011",
      year           = "2011",
      eprint         = "1102.0062",
      archivePrefix  = "arXiv",
      primaryClass   = "hep-th",
      SLACcitation   = "%%CITATION = ARXIV:1102.0062;%%",
}

@article{Gliozzi:1976qd,
      author         = "Gliozzi, F. and Scherk, Joel and Olive, David I.",
      title          = "{Supersymmetry, Supergravity Theories and the Dual Spinor
                        Model}",
      journal        = "Nucl.Phys.",
      volume         = "B122",
      pages          = "253-290",
      doi            = "10.1016/0550-3213(77)90206-1",
      year           = "1977",
      reportNumber   = "CERN-TH-2253",
      SLACcitation   = "%%CITATION = NUPHA,B122,253;%%",
}

@article{Goddard:2012cx,
      author         = "Goddard, Timothy and Heslop, Paul and Khoze, Valentin V.",
      title          = "{Uplifting Amplitudes in Special Kinematics}",
      journal        = "JHEP",
      volume         = "1210",
      pages          = "041",
      doi            = "10.1007/JHEP10(2012)041",
      year           = "2012",
      eprint         = "1205.3448",
      archivePrefix  = "arXiv",
      primaryClass   = "hep-th",
      reportNumber   = "IPPP-12-24, DCPT-12-48",
      SLACcitation   = "%%CITATION = ARXIV:1205.3448;%%",
}

@article{Goncharov:2010jf,
      author         = "Goncharov, Alexander B. and Spradlin, Marcus and Vergu,
                        C. and Volovich, Anastasia",
      title          = "{Classical Polylogarithms for Amplitudes and Wilson
                        Loops}",
      journal        = "Phys.Rev.Lett.",
      volume         = "105",
      pages          = "151605",
      doi            = "10.1103/PhysRevLett.105.151605",
      year           = "2010",
      eprint         = "1006.5703",
      archivePrefix  = "arXiv",
      primaryClass   = "hep-th",
      reportNumber   = "BROWN-HET-1602",
      SLACcitation   = "%%CITATION = ARXIV:1006.5703;%%",
}

@article{Heslop:2010kq,
      author         = "Heslop, Paul and Khoze, Valentin V.",
      title          = "{Analytic Results for MHV Wilson Loops}",
      journal        = "JHEP",
      volume         = "1011",
      pages          = "035",
      doi            = "10.1007/JHEP11(2010)035",
      year           = "2010",
      eprint         = "1007.1805",
      archivePrefix  = "arXiv",
      primaryClass   = "hep-th",
      SLACcitation   = "%%CITATION = ARXIV:1007.1805;%%",
}

@article{Heslop:2011hv,
      author         = "Heslop, Paul and Khoze, Valentin V.",
      title          = "{Wilson Loops @ 3-Loops in Special Kinematics}",
      journal        = "JHEP",
      volume         = "1111",
      pages          = "152",
      doi            = "10.1007/JHEP11(2011)152",
      year           = "2011",
      eprint         = "1109.0058",
      archivePrefix  = "arXiv",
      primaryClass   = "hep-th",
      reportNumber   = "IPPP-11-49, DCPT-11-98",
      SLACcitation   = "%%CITATION = ARXIV:1109.0058;%%",
}

@article{Hodges:2009hk,
      author         = "Hodges, Andrew",
      title          = "{Eliminating spurious poles from gauge-theoretic
                        amplitudes}",
      year           = "2009",
      eprint         = "0905.1473",
      archivePrefix  = "arXiv",
      primaryClass   = "hep-th",
      SLACcitation   = "%%CITATION = ARXIV:0905.1473;%%",
}

@article{Lipatov:2012gk,
      author         = "Lipatov, Lev and Prygarin, Alexander and Schnitzer,
                        Howard J.",
      title          = "{The Multi-Regge limit of NMHV Amplitudes in N=4 SYM
                        Theory}",
      journal        = "JHEP",
      volume         = "1301",
      pages          = "068",
      doi            = "10.1007/JHEP01(2013)068",
      year           = "2013",
      eprint         = "1205.0186",
      archivePrefix  = "arXiv",
      primaryClass   = "hep-th",
      reportNumber   = "BRX-TH-655, BROWN-HET-1634",
      SLACcitation   = "%%CITATION = ARXIV:1205.0186;%%",
}

@article{Lipstein:2012vs,
      author         = "Lipstein, Arthur E. and Mason, Lionel",
      title          = "{From the holomorphic Wilson loop to `d log'
                        loop-integrands for super-Yang-Mills amplitudes}",
      year           = "2012",
      eprint         = "1212.6228",
      archivePrefix  = "arXiv",
      primaryClass   = "hep-th",
      SLACcitation   = "%%CITATION = ARXIV:1212.6228;%%",
}

@article{Mangano:1990by,
      author         = "Mangano, Michelangelo L. and Parke, Stephen J.",
      title          = "{Multiparton amplitudes in gauge theories}",
      journal        = "Phys.Rept.",
      volume         = "200",
      pages          = "301-367",
      doi            = "10.1016/0370-1573(91)90091-Y",
      year           = "1991",
      eprint         = "hep-th/0509223",
      archivePrefix  = "arXiv",
      primaryClass   = "hep-th",
      reportNumber   = "FERMILAB-PUB-90-113-T",
      SLACcitation   = "%%CITATION = HEP-TH/0509223;%%",
}

@article{Mason:2009qx,
      author         = "Mason, L.J. and Skinner, David",
      title          = "{Dual Superconformal Invariance, Momentum Twistors and
                        Grassmannians}",
      journal        = "JHEP",
      volume         = "0911",
      pages          = "045",
      doi            = "10.1088/1126-6708/2009/11/045",
      year           = "2009",
      eprint         = "0909.0250",
      archivePrefix  = "arXiv",
      primaryClass   = "hep-th",
      SLACcitation   = "%%CITATION = ARXIV:0909.0250;%%",
}

@article{Naculich:2013xa,
      author         = "Naculich, Stephen G. and Nastase, Horatiu and Schnitzer,
                        Howard J.",
      title          = "{All-loop infrared-divergent behavior of
                        most-subleading-color gauge-theory amplitudes}",
      year           = "2013",
      eprint         = "1301.2234",
      archivePrefix  = "arXiv",
      primaryClass   = "hep-th",
      reportNumber   = "BRX-TH-663, BOW-PH-156",
      SLACcitation   = "%%CITATION = ARXIV:1301.2234;%%",
}

@article{Pennington:2012zj,
      author         = "Pennington, Jeffrey",
      title          = "{The six-point remainder function to all loop orders in
                        the multi-Regge limit}",
      journal        = "JHEP",
      volume         = "1301",
      pages          = "059",
      doi            = "10.1007/JHEP01(2013)059",
      year           = "2013",
      eprint         = "1209.5357",
      archivePrefix  = "arXiv",
      primaryClass   = "hep-th",
      reportNumber   = "SLAC-PUB-15251",
      SLACcitation   = "%%CITATION = ARXIV:1209.5357;%%",
}

@article{Penrose:1967wn,
      author         = "Penrose, R.",
      title          = "{Twistor algebra}",
      journal        = "J.Math.Phys.",
      volume         = "8",
      pages          = "345",
      year           = "1967",
      SLACcitation   = "%%CITATION = JMAPA,8,345;%%",
}

@article{Penrose:1972ia,
      author         = "Penrose, R. and MacCallum, Malcolm A.H.",
      title          = "{Twistor theory: An Approach to the quantization of
                        fields and space-time}",
      journal        = "Phys.Rept.",
      volume         = "6",
      pages          = "241-316",
      doi            = "10.1016/0370-1573(73)90008-2",
      year           = "1972",
      SLACcitation   = "%%CITATION = PRPLC,6,241;%%",
}

@article{Prygarin:2011gd,
      author         = "Prygarin, Alexander and Spradlin, Marcus and Vergu,
                        Cristian and Volovich, Anastasia",
      title          = "{All Two-Loop MHV Amplitudes in Multi-Regge Kinematics
                        From Applied Symbology}",
      journal        = "Phys.Rev.",
      volume         = "D85",
      pages          = "085019",
      doi            = "10.1103/PhysRevD.85.085019",
      year           = "2012",
      eprint         = "1112.6365",
      archivePrefix  = "arXiv",
      primaryClass   = "hep-th",
      SLACcitation   = "%%CITATION = ARXIV:1112.6365;%%",
}

@article{Schlotterer:2012ny,
      author         = "Schlotterer, O. and Stieberger, S.",
      title          = "{Motivic Multiple Zeta Values and Superstring
                        Amplitudes}",
      year           = "2012",
      eprint         = "1205.1516",
      archivePrefix  = "arXiv",
      primaryClass   = "hep-th",
      reportNumber   = "AEI-2012-039, MPP-2012-859",
      SLACcitation   = "%%CITATION = ARXIV:1205.1516;%%",
}

@article{vonManteuffel:2012je,
      author         = "von Manteuffel, Andreas and Studerus, Cedric",
      title          = "{Top quark pairs at two loops and Reduze 2}",
      journal        = "PoS",
      volume         = "LL2012",
      pages          = "059",
      year           = "2012",
      eprint         = "1210.1436",
      archivePrefix  = "arXiv",
      primaryClass   = "hep-ph",
      SLACcitation   = "%%CITATION = ARXIV:1210.1436;%%",
}

@article{Witten:2003nn,
      author         = "Witten, Edward",
      title          = "{Perturbative gauge theory as a string theory in twistor
                        space}",
      journal        = "Commun.Math.Phys.",
      volume         = "252",
      pages          = "189-258",
      doi            = "10.1007/s00220-004-1187-3",
      year           = "2004",
      eprint         = "hep-th/0312171",
      archivePrefix  = "arXiv",
      primaryClass   = "hep-th",
      SLACcitation   = "%%CITATION = HEP-TH/0312171;%%",
}

@article{0114.39402,
author="Stasheff, James D.",
title="{Homotopy associativity of $H$-spaces. I, II}",
journal="Trans. Am. Math. Soc. 108,",
volume="275-292",
pages="293-312",
year="1963",
doi={10.2307/1993608},
}

@article{1021.16017,
author="Fomin, Sergey and Zelevinsky, Andrei",
title="{Cluster algebras. I: Foundations}",
journal="J. Am. Math. Soc.",
volume="15",
number="2",
pages="497-529",
year="2002",
doi={10.1090/S0894-0347-01-00385-X},
}

@article{1054.17024,
author="Fomin, Sergey and Zelevinsky, Andrei",
title="{Cluster algebras. II: Finite type classification}",
journal="Invent. Math.",
volume="154",
number="1",
pages="63-121",
year="2003",
doi={10.1007/s00222-003-0302-y},
}

@article{1057.52003,
author="Fomin, Sergey and Zelevinsky, Andrei",
title="{$Y$-systems and generalized associahedra}",
journal="Ann. Math. (2)",
volume="158",
number="3",
pages="977-1018",
year="2003",
doi={10.4007/annals.2003.158.977},
}

@article{1057.53064,
author="Gekhtman, Michael and Shapiro, Michael and Vainshtein, Alek",
title="{Cluster algebras and Poisson geometry}",
journal="Mosc. Math. J.",
volume="3",
number="3",
pages="899-934",
year="2003",
}

@article{Golden:2013xva,
      author         = "Golden, John and Goncharov, Alexander B. and Spradlin,
                        Marcus and Vergu, Cristian and Volovich, Anastasia",
      title          = "{Motivic Amplitudes and Cluster Coordinates}",
      journal        = "JHEP",
      volume         = "1401",
      pages          = "091",
      doi            = "10.1007/JHEP01(2014)091",
      year           = "2014",
      eprint         = "1305.1617",
      archivePrefix  = "arXiv",
      primaryClass   = "hep-th",
      SLACcitation   = "%%CITATION = ARXIV:1305.1617;%%",
}

@article{1088.22009,
author="Scott, Joshua S.",
title="{Grassmannians and cluster algebras}",
journal="Proc. Lond. Math. Soc., III. Ser.",
volume="92",
number="2",
pages="345-380",
year="2006",
doi={10.1112/S0024611505015571},
}

@incollection{1215.16012,
author="Keller, Bernhard",
title="{Cluster algebras, quiver representations and triangulated categories}",
publisher="{Cambridge: Cambridge University Press}",
booktitle="Triangulated Categories",
year="2010",
}

@incollection{B,
author="Beilinson, A.A.",
title="{Height pairing between algebraic cycles}",
publisher="{Berlin: Springer-Verlag}",
booktitle="K-Theory, Arithmetic and Geometry",
year="1987",
}

@incollection {G91a,
    AUTHOR = {Goncharov, A. B.},
     TITLE = {Polylogarithms and motivic {G}alois groups},
 BOOKTITLE = {Motives ({S}eattle, {WA}, 1991)},
    SERIES = {Proc. Sympos. Pure Math.},
    VOLUME = {55},
     PAGES = {43--96},
 PUBLISHER = {Amer. Math. Soc.},
   ADDRESS = {Providence, RI},
      YEAR = {1994},
   MRCLASS = {19F15 (11G09 11R42 11R70 19E20)},
  MRNUMBER = {1265551 (94m:19003)},
MRREVIEWER = {Richard M. Hain},
}

@article{G91b,
author="Goncharov, A.B.",
title="{Geometry of configurations, polylogarithms, and motivic cohomology}",
journal="Adv. Math.",
volume="114",
number="2",
pages="197-318",
year="1995",
doi={10.1006/aima.1995.1045},
}

@article{G02,
author="Goncharov, A.B.",
title="{Galois symmetries of fundamental groupoids and noncommutative
    geometry}",
journal="Duke Math. J.",
volume="128",
number="2",
pages="209-284",
year="2005",
doi={10.1215/S0012-7094-04-12822-2},
eprint="math/0208144"
}

@book{Bl,
author="Bloch, Spencer J.",
title="{Higher regulators, algebraic $K$-theory, and zeta functions of elliptic
    curves}",
publisher="{Providence, RI: American Mathematical Society (AMS)}",
year="2000",
}

@article{GreyBook,
author="Roiban, R. and Spradlin, M. and Volovich, A.",
title="Scattering Amplitudes in Gauge Theories: Progress and Outlook",
doi="10.1088/1751-8113/44/45/450301",
year="2011",
journal="J.Phys.",
volume="A44",
pages="1",
}

@article{Su,
author="Suslin, A.A.",
title="{$K\sb 3$ of a field and the Bloch group}",
journal="Proc. Steklov Inst. Math.",
volume="183",
pages="217-239",
year="1990",
}

@article{G95,
author="Goncharov, A.B.",
title="{Deninger's conjecture on $L$-functions of elliptic curves at $s=3$}",
journal="J. Math. Sci., New York",
volume="81",
number="3",
pages="2631-2656",
year="1996",
doi={10.1007/BF02362333},
eprint="alg-geom/9512016",
}

@article{FG03b,
author="Fock, Vladimir V. and Goncharov, Alexander B.",
title="{Cluster ensembles, quantization and the dilogarithm}",
journal="Ann. Sci. \'Ec. Norm. Sup\'er. (4)",
volume="42",
number="6",
pages="865-930",
year="2009",
eprint="math/0311245",
}

@incollection{Z,
author="Zagier, Don",
title="{Polylogarithms, Dedekind zeta functions, and the algebraic K-theory of
    fields}",
publisher="{Boston: Birkh\"auser}",
booktitle="Arithmetic Algebraic Geometry",
year="1991",
}

@article {MR1888840,
    AUTHOR = {Fomin, Sergey and Zelevinsky, Andrei},
     TITLE = {The {L}aurent phenomenon},
   JOURNAL = {Adv. in Appl. Math.},
  FJOURNAL = {Advances in Applied Mathematics},
    VOLUME = {28},
      YEAR = {2002},
    NUMBER = {2},
     PAGES = {119--144},
      ISSN = {0196-8858},
   MRCLASS = {05A15},
  MRNUMBER = {1888840 (2002m:05013)},
MRREVIEWER = {David M. Bressoud},
       DOI = {10.1006/aama.2001.0770},
       URL = {http://dx.doi.org/10.1006/aama.2001.0770},
}

@incollection {MR2383126,
    AUTHOR = {Fomin, Sergey and Reading, Nathan},
     TITLE = {Root systems and generalized associahedra},
 BOOKTITLE = {Geometric combinatorics},
    SERIES = {IAS/Park City Math. Ser.},
    VOLUME = {13},
     PAGES = {63--131},
 PUBLISHER = {Amer. Math. Soc.},
   ADDRESS = {Providence, RI},
      YEAR = {2007},
   MRCLASS = {20F55 (05E99 16S99 17B20 52B70)},
  MRNUMBER = {2383126},
}

@INCOLLECTION{Gauss,
  author = {Gauss, C. F.},
  title = {Pentagramma mirificum},
  booktitle = {Werke, Band III},
  year = {1863},
  pages = {481--490},
  address = {G\"ottingen}
}

@article{DG,
    AUTHOR = {Deligne, Pierre and Goncharov, Alexander B.},
     TITLE = {Groupes fondamentaux motiviques de {T}ate mixte},
   JOURNAL = {Ann. Sci. \'Ecole Norm. Sup. (4)},
  FJOURNAL = {Annales Scientifiques de l'\'Ecole Normale Sup\'erieure.
              Quatri\`eme S\'erie},
    VOLUME = {38},
      YEAR = {2005},
    NUMBER = {1},
     PAGES = {1--56},
      ISSN = {0012-9593},
     CODEN = {ASENAH},
   MRCLASS = {11G55 (14F42 14G10 19F27)},
  MRNUMBER = {2136480 (2006b:11066)},
MRREVIEWER = {Tam{\'a}s Szamuely},
       DOI = {10.1016/j.ansens.2004.11.001},
       URL = {http://dx.doi.org/10.1016/j.ansens.2004.11.001},
}

@article{Witten:1978xx,
      author         = "Witten, Edward",
      title          = "{An Interpretation of Classical Yang-Mills Theory}",
      journal        = "Phys.Lett.",
      volume         = "B77",
      pages          = "394",
      doi            = "10.1016/0370-2693(78)90585-3",
      year           = "1978",
      reportNumber   = "HUTP-78/A009",
      SLACcitation   = "%%CITATION = PHLTA,B77,394;%%",
}
